<collection xmlns="http://www.loc.gov/MARC21/slim">
<record>
  <leader>01219nam0a2200253 i 450 </leader>
  <controlfield tag="001">IT\ICCU\CNCE\073440</controlfield>
  <controlfield tag="005">20081009000000.0</controlfield>
  <datafield tag="012" ind1=" " ind2=" ">
    <subfield code="a">O.ua o,an tae- inre (C) 1564 (R)</subfield>
    <subfield code="2">fei</subfield>
  </datafield>
  <datafield tag="100" ind1=" " ind2=" ">
    <subfield code="a">20081009d1564        0itac0103    ba</subfield>
  </datafield>
  <datafield tag="101" ind1=" " ind2=" ">
    <subfield code="a">ITA</subfield>
  </datafield>
  <datafield tag="102" ind1=" " ind2=" ">
    <subfield code="a">IT</subfield>
  </datafield>
  <datafield tag="200" ind1="1" ind2=" ">
    <subfield code="a">Quattro sermonetti appropriati da far recitar alli putti nelle scole la festa, et per ammaestrarli nelle sante discipline &amp; dottrina di Christo</subfield>
  </datafield>
  <datafield tag="210" ind1=" " ind2=" ">
    <subfield code="a">In Vinegia</subfield>
    <subfield code="c">appresso Gabriel Giolito de&apos; Ferrari</subfield>
    <subfield code="d">1564</subfield>
  </datafield>
  <datafield tag="215" ind1=" " ind2=" ">
    <subfield code="a">16 c.</subfield>
    <subfield code="d">8ʻ</subfield>
  </datafield>
  <datafield tag="620" ind1=" " ind2=" ">
    <subfield code="a">IT</subfield>
    <subfield code="d">Venezia</subfield>
  </datafield>
  <datafield tag="700" ind1=" " ind2="1">
    <subfield code="a">Montorfano,</subfield>
    <subfield code="b">Giovan Paolo</subfield>
    <subfield code="3">IT\ICCU\CNCA\003234</subfield>
  </datafield>
  <datafield tag="712" ind1="0" ind2="0">
    <subfield code="a">Giolito De Ferrari, Gabriele</subfield>
    <subfield code="3">IT\ICCU\CNCT\000033</subfield>
    <subfield code="4">650</subfield>
  </datafield>
  <datafield tag="790" ind1=" " ind2="1">
    <subfield code="a">Montorfani,</subfield>
    <subfield code="b">Giovan Paolo</subfield>
    <subfield code="3">IT\ICCU\CNCA\020199</subfield>
    <subfield code="z">Montorfano, Giovan Paolo</subfield>
  </datafield>
  <datafield tag="790" ind1=" " ind2="0">
    <subfield code="a">Giovan Paolo</subfield>
    <subfield code="c"> : da#Como</subfield>
    <subfield code="3">IT\ICCU\CNCA\024101</subfield>
    <subfield code="z">Montorfano, Giovan Paolo</subfield>
  </datafield>
  <datafield tag="790" ind1=" " ind2="0">
    <subfield code="a">Giovanni Paolo</subfield>
    <subfield code="c"> : da Como</subfield>
    <subfield code="3">IT\ICCU\CNCA\028994</subfield>
    <subfield code="z">Montorfano, Giovan Paolo</subfield>
  </datafield>
  <datafield tag="791" ind1="0" ind2="0">
    <subfield code="a">Iolitus de Ferrariis, Gabriel</subfield>
    <subfield code="3">IT\ICCU\CNCT\003847</subfield>
    <subfield code="z">Giolito De Ferrari, Gabriele</subfield>
  </datafield>
  <datafield tag="791" ind1="0" ind2="0">
    <subfield code="a">Iolito de Ferrarii, Gabriel</subfield>
    <subfield code="3">IT\ICCU\CNCT\004885</subfield>
    <subfield code="z">Giolito De Ferrari, Gabriele</subfield>
  </datafield>
  <datafield tag="801" ind1=" " ind2="3">
    <subfield code="a">IT</subfield>
    <subfield code="b">ICCU</subfield>
    <subfield code="c">20201115</subfield>
  </datafield>
  <datafield tag="899" ind1=" " ind2=" ">
    <subfield code="a">Biblioteca civica Romolo Spezioli. Fermo</subfield>
    <subfield code="1">AP0012</subfield>
    <subfield code="2">UMC FM</subfield>
  </datafield>
</record>
</collection>
